<?xml version="1.0" encoding="UTF-8"?>
<collection xmlns:xsi="http://www.w3.org/2001/XMLSchema-instance" xsi:schemaLocation="http://www.loc.gov/MARC21/slim http://www.loc.gov/standards/marcxml/schema/MARC21slim.xsd" xmlns="http://www.loc.gov/MARC21/slim">
<record>
  <leader>00837mam a2200241u  4500</leader>
  <controlfield tag="001">3368910</controlfield>
  <controlfield tag="003">NNC</controlfield>
  <controlfield tag="005">20130617225923.0</controlfield>
  <controlfield tag="008">840406m19569999sy h          000 0 arard</controlfield>
  <datafield tag="035" ind1=" " ind2=" ">
    <subfield code="a">(OCoLC)67309392</subfield>
  </datafield>
  <datafield tag="035" ind1=" " ind2=" ">
    <subfield code="a">(OCoLC)ocm67309392</subfield>
  </datafield>
  <datafield tag="035" ind1=" " ind2=" ">
    <subfield code="9">AVD3593CU</subfield>
  </datafield>
  <datafield tag="035" ind1=" " ind2=" ">
    <subfield code="a">(NNC)3368910</subfield>
  </datafield>
  <datafield tag="035" ind1=" " ind2=" ">
    <subfield code="a">3368910</subfield>
  </datafield>
  <datafield tag="040" ind1=" " ind2=" ">
    <subfield code="a">EYM</subfield>
    <subfield code="c">EYM</subfield>
    <subfield code="d">NNC</subfield>
  </datafield>
  <datafield tag="050" ind1=" " ind2="4">
    <subfield code="a">PJ7750.I13A22</subfield>
    <subfield code="b">A17</subfield>
  </datafield>
  <datafield tag="100" ind1="1" ind2=" ">
    <subfield code="a">Ibn Abī Ḥuṣaynah, al-Ḥasan ibn ʻAbd Allāh,</subfield>
    <subfield code="d">998?-1065.</subfield>
  </datafield>
  <datafield tag="245" ind1="1" ind2="0">
    <subfield code="a">Dīwān Ibn Abī Ḥusaynah /</subfield>
    <subfield code="c">samiʻahu wa-sharaḥahu Abū al-ʻAlā' al-Maʻarrī ; ḥaqqaqahu Muḥammad Asʻad Ṭalas.</subfield>
  </datafield>
  <datafield tag="260" ind1=" " ind2=" ">
    <subfield code="a">[Dimashq :</subfield>
    <subfield code="b">al-Maṭbaʻah al-Hāshimīyah,</subfield>
    <subfield code="c">1956-]</subfield>
  </datafield>
  <datafield tag="300" ind1=" " ind2=" ">
    <subfield code="a">v. :</subfield>
    <subfield code="b">facsims. ;</subfield>
    <subfield code="c">24 cm.</subfield>
  </datafield>
  <datafield tag="700" ind1="0" ind2=" ">
    <subfield code="a">Abū al-ʻAlāʼ al-Maʻarrī,</subfield>
    <subfield code="d">973-1057.</subfield>
  </datafield>
  <datafield tag="700" ind1="1" ind2=" ">
    <subfield code="a">Ṭalas, Muḥammad Asʻad,</subfield>
    <subfield code="e">editor.</subfield>
  </datafield>
  <datafield tag="955" ind1=" " ind2=" ">
    <subfield code="b">0026815257</subfield>
    <subfield code="d">glx</subfield>
    <subfield code="e">893.7Ib514 L</subfield>
    <subfield code="v">v.1</subfield>
  </datafield>
</record>
</collection>